<?xml version="1.0" encoding="UTF-8"?><collection xmlns="http://www.loc.gov/MARC21/slim"><record><leader>00386nam--2200157-i-4500</leader><controlfield tag="001">000010320</controlfield><controlfield tag="002">20161230</controlfield><controlfield tag="005">20170225103155</controlfield><controlfield tag="008">060222s1000------------r-----000-0-eng-d</controlfield><datafield ind1=" " ind2=" " tag="100"><subfield code="a">Denaro, A. R</subfield></datafield><datafield ind1=" " ind2=" " tag="245"><subfield code="a">Fundamentals of radiation chemisstry</subfield></datafield><datafield ind1=" " ind2=" " tag="260"><subfield code="a">London</subfield><subfield code="b">Butterworths</subfield><subfield code="c">1972</subfield></datafield><datafield ind1=" " ind2=" " tag="300"><subfield code="a">204 p</subfield></datafield><datafield ind1=" " ind2=" " tag="700"><subfield code="a">Jayson, G. G</subfield></datafield><datafield ind1=" " ind2=" " tag="852"><subfield code="a">541.15</subfield></datafield><datafield ind1=" " ind2=" " tag="CAT"><subfield code="a">SYS</subfield><subfield code="c">20170225</subfield><subfield code="h">103155</subfield></datafield></record></collection>